<record xmlns="http://www.loc.gov/MARC21/slim" xmlns:xsi="http://www.w3.org/2001/XMLSchema-instance" xsi:schemaLocation="http://www.loc.gov/MARC21/slim http://www.loc.gov/standards/marcxml/schema/MARC21slim.xsd"><leader>03183nam a2200373   4500</leader><controlfield tag="001">1919046</controlfield><controlfield tag="003">NIC</controlfield><controlfield tag="006">m        d        </controlfield><controlfield tag="007">cr cn |||m|||a</controlfield><controlfield tag="008">150116q18871988ua      o     000 0 ara d</controlfield><datafield ind1=" " ind2=" " tag="040"><subfield code="a">NNU</subfield><subfield code="b">eng</subfield><subfield code="c">NNU</subfield></datafield><datafield ind1="1" ind2=" " tag="100"><subfield code="6">880-01</subfield><subfield code="a">Dasu&#772;qi&#772;, Muh&#803;ammad ibn Ah&#803;mad ibn &#699;Arafah,</subfield><subfield code="d">-1815.</subfield></datafield><datafield ind1="1" ind2="0" tag="245"><subfield code="6">880-02</subfield><subfield code="a">H&#803;a&#772;shiyat al-&#699;alla&#772;mah al-muh&#803;aqqiq al-fahha&#772;mah al-shaykh Muhammad &#699;Arafah al-Dasu&#772;qi&#772; &#699;ala&#769; matn Mughni&#772; al-labi&#772;b li-al-Ima&#772;m al-qudwah Ibn Hisha&#772;m al-Ans&#803;a&#772;ri&#772; ... (wa-bi-ha&#772;mishihi Mughni&#772; al-labi&#772;b al-madhku&#772;r)</subfield><subfield code="h">[electronic resource].</subfield></datafield><datafield ind1=" " ind2=" " tag="260"><subfield code="6">880-03</subfield><subfield code="a">[al-Qa&#772;hirah] :</subfield><subfield code="b">al-Mat&#803;ba&#699;ah al-Maymani&#772;yah,</subfield><subfield code="c">1305 [i.e. 1887 or 8]</subfield></datafield><datafield ind1=" " ind2=" " tag="300"><subfield code="a">online resource (2 v.)</subfield></datafield><datafield ind1=" " ind2=" " tag="500"><subfield code="a">Part of the Arabic Collections Online (ACO) project, contributed by Cornell University Libraries.</subfield></datafield><datafield ind1=" " ind2=" " tag="533"><subfield code="a">Electronic reproduction.</subfield><subfield code="b">New York, N.Y. :</subfield><subfield code="c">New York University,</subfield><subfield code="d">2015.</subfield><subfield code="5">NNU</subfield></datafield><datafield ind1="1" ind2="0" tag="600"><subfield code="6">880-04</subfield><subfield code="a">Ibn Hisha&#772;m, &#699;Abd Alla&#772;h ibn Yu&#772;suf,</subfield><subfield code="d">1309-1360.</subfield><subfield code="t">Mughni&#772; al-labi&#772;b &#699;an kutub al-a&#699;a&#772;ri&#772;b.</subfield></datafield><datafield ind1=" " ind2="0" tag="650"><subfield code="a">Arabic language</subfield><subfield code="x">Grammar.</subfield></datafield><datafield ind1="0" ind2="7" tag="630"><subfield code="a">Mughni&#772; al-labi&#772;b &#699;an kutub al-a&#699;a&#772;ri&#772;b (Ibn Hisha&#772;m, &#699;Abd Alla&#772;h ibn Yu&#772;suf)</subfield><subfield code="2">fast</subfield><subfield code="0">(OCoLC)fst01363950</subfield></datafield><datafield ind1=" " ind2="7" tag="650"><subfield code="a">Arabic language</subfield><subfield code="x">Grammar.</subfield><subfield code="2">fast</subfield><subfield code="0">(OCoLC)fst00812341</subfield></datafield><datafield ind1="1" ind2=" " tag="700"><subfield code="6">880-05</subfield><subfield code="a">Ibn Hisha&#772;m, &#699;Abd Alla&#772;h ibn Yu&#772;suf,</subfield><subfield code="d">1309-1360.</subfield><subfield code="t">Mughni&#772; al-labi&#772;b &#699;an kutub al-a&#699;a&#772;ri&#772;b.</subfield></datafield><datafield ind1="2" ind2=" " tag="710"><subfield code="a">Cornell University.</subfield><subfield code="b">Libraries.</subfield></datafield><datafield ind1="0" ind2=" " tag="730"><subfield code="a">Arabic Collections Online.</subfield></datafield><datafield ind1="0" ind2="8" tag="776"><subfield code="i">Online version:</subfield><subfield code="a">Dasu&#772;qi&#772;, Muh&#803;ammad ibn Ah&#803;mad ibn &#699;Arafah, d. 1815.</subfield><subfield code="t">H&#803;a&#772;shiyat al-&#699;alla&#772;mah al-muh&#803;aqqiq al-fahha&#772;mah al-shaykh Muhammad &#699;Arafah al-Dasu&#772;qi&#772; &#699;ala&#769; matn Mughni&#772; al-labi&#772;b li-al-Ima&#772;m al-qudwah Ibn Hisha&#772;m al-Ans&#803;a&#772;ri&#772; ... (wa-bi-ha&#772;mishihi Mughni&#772; al-labi&#772;b al-madhku&#772;r)</subfield><subfield code="d">[Cairo] : al-Mat&#803;ba&#699;ah al-Maymani&#772;yah, 1305 [i.e. 1887 or 8]</subfield><subfield code="w">(OCoLC)811869632</subfield></datafield><datafield ind1="0" ind2="8" tag="776"><subfield code="i">Print version:</subfield><subfield code="a">Dasu&#772;qi&#772;, Muh&#803;ammad ibn Ah&#803;mad ibn &#699;Arafah, -1815.</subfield><subfield code="t">H&#803;a&#772;shiyat al-&#699;alla&#772;mah al-muh&#803;aqqiq al-fahha&#772;mah al-shaykh Muhammad &#699;Arafah al-Dasu&#772;qi&#772; &#699;ala&#769; matn Mughni&#772; al-labi&#772;b li-al-Ima&#772;m al-qudwah Ibn Hisha&#772;m al-Ans&#803;a&#772;ri&#772; ... (wa-bi-ha&#772;mishihi Mughni&#772; al-labi&#772;b al-madhku&#772;r)</subfield><subfield code="w">(NIC)1919046</subfield><subfield code="w">(OCoLC)64024665</subfield></datafield><datafield ind1="4" ind2="0" tag="856"><subfield code="u">http://hdl.handle.net/2333.1/zs7h46v9</subfield></datafield><datafield ind1="1" ind2=" " tag="880"><subfield code="6">100-01/r</subfield><subfield code="a">&#1583;&#1587;&#1608;&#1602;&#1610;&#1548; &#1605;&#1581;&#1605;&#1583; &#1576;&#1606; &#1575;&#1581;&#1605;&#1583; &#1576;&#1606; &#1593;&#1585;&#1601;&#1577;,</subfield><subfield code="d">-1815.</subfield></datafield><datafield ind1="1" ind2="0" tag="880"><subfield code="6">245-02/r</subfield><subfield code="a">&#1581;&#1575;&#1588;&#1610;&#1577; &#1575;&#1604;&#1593;&#1604;&#1575;&#1605;&#1577; &#1575;&#1604;&#1605;&#1581;&#1602;&#1602; &#1575;&#1604;&#1601;&#1607;&#1575;&#1605;&#1577; &#1575;&#1604;&#1588;&#1610;&#1582; &#1605;&#1607;&#1605;&#1583; &#1593;&#1585;&#1601;&#1577; &#1575;&#1604;&#1583;&#1587;&#1608;&#1602;&#1610; &#1593;&#1604;&#1609; &#1605;&#1578;&#1606; &#1605;&#1594;&#1606;&#1610; &#1575;&#1604;&#1604;&#1576;&#1610;&#1576; &#1604;&#1604;&#1575;&#1605;&#1575;&#1605; &#1575;&#1604;&#1602;&#1583;&#1608;&#1577; &#1575;&#1576;&#1606; &#1607;&#1588;&#1575;&#1605; &#1575;&#1604;&#1575;&#1606;&#1589;&#1575;&#1585;&#1610; ... (&#1608;&#1576;&#1607;&#1575;&#1605;&#1588;&#1607; &#1605;&#1594;&#1606;&#1610; &#1575;&#1604;&#1604;&#1576;&#1610;&#1576; &#1575;&#1604;&#1605;&#1584;&#1603;&#1608;&#1585;).</subfield></datafield><datafield ind1=" " ind2=" " tag="880"><subfield code="6">260-03/r</subfield><subfield code="a">[&#1575;&#1604;&#1602;&#1575;&#1607;&#1585;&#1577;] :</subfield><subfield code="b">&#1575;&#1604;&#1605;&#1591;&#1576;&#1593;&#1577; &#1575;&#1604;&#1605;&#1610;&#1605;&#1606;&#1610;&#1577;&#1548;</subfield><subfield code="c">1305 [i.e. 1887 or 8]</subfield></datafield><datafield ind1="1" ind2="0" tag="880"><subfield code="6">600-04/r</subfield><subfield code="a">&#1575;&#1576;&#1606; &#1607;&#1588;&#1575;&#1605;&#1548; &#1593;&#1576;&#1583; &#1575;&#1604;&#1604;&#1607; &#1576;&#1606; &#1610;&#1608;&#1587;&#1601;&#1548;</subfield><subfield code="d">1309-1360.</subfield><subfield code="t">&#1605;&#1594;&#1606;&#1610; &#1575;&#1604;&#1604;&#1576;&#1610;&#1576; &#1593;&#1606; &#1603;&#1578;&#1576; &#1575;&#1604;&#1575;&#1593;&#1575;&#1585;&#1610;&#1576;.</subfield></datafield><datafield ind1="1" ind2=" " tag="880"><subfield code="6">700-05/r</subfield><subfield code="a">&#1575;&#1576;&#1606; &#1607;&#1588;&#1575;&#1605;&#1548; &#1593;&#1576;&#1583; &#1575;&#1604;&#1604;&#1607; &#1576;&#1606; &#1610;&#1608;&#1587;&#1601;&#1548;</subfield><subfield code="d">1309-1360.</subfield><subfield code="t">&#1605;&#1594;&#1606;&#1610; &#1575;&#1604;&#1604;&#1576;&#1610;&#1576; &#1593;&#1606; &#1603;&#1578;&#1576; &#1575;&#1604;&#1575;&#1593;&#1575;&#1585;&#1610;&#1576;.</subfield></datafield><datafield ind1=" " ind2=" " tag="959"><subfield code="a">NNU</subfield><subfield code="b">WEB</subfield><subfield code="c">GENI</subfield><subfield code="t">0</subfield><subfield code="m">Electronic access</subfield><subfield code="s">01</subfield></datafield><datafield ind1=" " ind2=" " tag="999"><subfield code="i">NIC_1919046</subfield><subfield code="o">(OCoLC)ocm64024665</subfield><subfield code="e">ok</subfield></datafield></record>